<record><leader>00000cas a22000007a 4500</leader><controlfield tag="001">18428076</controlfield><controlfield tag="008">880830d18941941nduwr ne      0    0eng d</controlfield><datafield ind1=" " ind2=" " tag="010"><subfield code="a">sn 88076556 </subfield></datafield><datafield ind1=" " ind2=" " tag="040"><subfield code="a">NOP</subfield><subfield code="b">eng</subfield><subfield code="c">NOP</subfield><subfield code="d">OCLCQ</subfield></datafield><datafield ind1=" " ind2=" " tag="042"><subfield code="a">msc</subfield></datafield><datafield ind1="0" ind2="4" tag="245"><subfield code="a">The Cando herald.</subfield></datafield><datafield ind1=" " ind2=" " tag="260"><subfield code="a">Cando, N.D. :</subfield><subfield code="b">H.C. Meacham</subfield></datafield><datafield ind1=" " ind2=" " tag="300"><subfield code="a">v. :</subfield><subfield code="b">ill. ;</subfield><subfield code="c">51-62 cm.</subfield></datafield><datafield ind1=" " ind2=" " tag="310"><subfield code="a">Weekly</subfield></datafield><datafield ind1="1" ind2=" " tag="362"><subfield code="a">Began in 1894.</subfield></datafield><datafield ind1="0" ind2=" " tag="362"><subfield code="a">-v. 50, no. 19 (Jan. 2, 1941).</subfield></datafield><datafield ind1=" " ind2=" " tag="500"><subfield code="a">"Official Paper of Towner County and City of Cando", 1909-1914, 1917-1924, 1939-1940.</subfield></datafield><datafield ind1=" " ind2=" " tag="515"><subfield code="a">Numbering irregular.</subfield></datafield><datafield ind1=" " ind2=" " tag="530"><subfield code="a">Available on microfilm from the State Historical Society of North Dakota.</subfield></datafield><datafield ind1=" " ind2=" " tag="588"><subfield code="a">Description based on: Whole no. 203 (Jan. 13, 1898).</subfield></datafield><datafield ind1=" " ind2=" " tag="752"><subfield code="a">United States</subfield><subfield code="b">North Dakota</subfield><subfield code="c">Towner</subfield><subfield code="d">Cando.</subfield></datafield><datafield ind1="0" ind2="0" tag="780"><subfield code="t">Towner County tribune</subfield><subfield code="w">(DLC)sn 88076555</subfield></datafield><datafield ind1="0" ind2="7" tag="785"><subfield code="t">Cando record (Cando, N.D. : 1914)</subfield><subfield code="w">(DLC)sn 88076553</subfield></datafield><datafield ind1="0" ind2="7" tag="785"><subfield code="t">Towner County record-herald</subfield><subfield code="w">(DLC)sn 88076554</subfield></datafield><datafield ind1="1" ind2=" " tag="029"><subfield code="a">AU@</subfield><subfield code="b">000025839482</subfield></datafield></record>